@online{foldl,
 author  = "Cale Gibbard",
 title   = "foldl f z (visually)",
 year    = "2006",
 url     = "http://commons.wikimedia.org/wiki/File:Left-fold-transformation.png",
 urldate = "08-04-15",
 note    = "License: Public domain"
}
@online{foldr,
 author  = "Cale Gibbard",
 title   = "foldr f z (visually)",
 year    = "2006",
 url     = "http://commons.wikimedia.org/wiki/File:Right-fold-transformation.png",
 urldate = "08-04-15",
 note    = "License: Public domain"
}
